@article{pu2008,
 author = {Pu, Ken Q. and Yu, Xiaohui},
 title = {Keyword Query Cleaning},
 journal = {Proc. VLDB Endow.},
 issue_date = {August 2008},
 volume = {1},
 number = {1},
 month = aug,
 year = {2008},
 issn = {2150-8097},
 pages = {909--920},
 numpages = {12},
 url = {http://dl.acm.org/citation.cfm?id=1453856.1453955},
 acmid = {1453955},
 publisher = {VLDB Endowment},
} 

@article{salton75,
 author = {Salton, G. and Wong, A. and Yang, C. S.},
 title = {A Vector Space Model for Automatic Indexing},
 journal = {Commun. ACM},
 issue_date = {Nov. 1975},
 volume = {18},
 number = {11},
 month = nov,
 year = {1975},
 issn = {0001-0782},
 pages = {613--620},
 numpages = {8},
 url = {http://doi.acm.org/10.1145/361219.361220},
 doi = {10.1145/361219.361220},
 acmid = {361220},
 publisher = {ACM},
 address = {New York, NY, USA},
 keywords = {automatic indexing, automatic information retrieval, content analysis, document space},
} 

@article{jones72,
  title={A statistical interpretation of term specificity and its application in retrieval},
  author={Jones, Karen Sparck},
  journal={Journal of documentation},
  volume={28},
  number={1},
  pages={11--21},
  year={1972},
  publisher={MCB UP Ltd}
}
@inproceedings{janu12,
  title={Interactive document indexing method based on explicit semantic analysis},
  author={Janusz, Andrzej and {\'S}wieboda, Wojciech and Krasuski, Adam and Nguyen, Hung Son},
  booktitle={Rough Sets and Current Trends in Computing},
  pages={156--165},
  year={2012},
  organization={Springer}
}
@article{goyal13,
  title={A Context-Based Word Indexing Model for Document Summarization},
  author={Goyal, Pawan and Behera, Laxmidhar and McGinnity, Thomas Martin},
  journal={Knowledge and Data Engineering, IEEE Transactions on},
  volume={25},
  number={8},
  pages={1693--1705},
  year={2013},
  publisher={IEEE}
}

@inproceedings{hris02,
  title={Discover: Keyword search in relational databases},
  author={Hristidis, Vagelis and Papakonstantinou, Yannis},
  booktitle={Proceedings of the 28th international conference on Very Large Data Bases},
  pages={670--681},
  year={2002},
  organization={VLDB Endowment}
}
@inproceedings{agrawal2002dbxplorer,
  title={DBXplorer: A system for keyword-based search over relational databases},
  author={Agrawal, Sanjay and Chaudhuri, Surajit and Das, Gautam},
  booktitle={Data Engineering, 2002. Proceedings. 18th International Conference on},
  pages={5--16},
  year={2002},
  organization={IEEE}
}
@inproceedings{bhalotia2002keyword,
  title={Keyword searching and browsing in databases using BANKS},
  author={Bhalotia, Gaurav and Hulgeri, Arvind and Nakhe, Charuta and Chakrabarti, Soumen and Sudarshan, Shashank},
  booktitle={Data Engineering, 2002. Proceedings. 18th International Conference on},
  pages={431--440},
  year={2002},
  organization={IEEE}
}
@inproceedings{hristidis2003efficient,
  title={Efficient IR-style keyword search over relational databases},
  author={Hristidis, Vagelis and Gravano, Luis and Papakonstantinou, Yannis},
  booktitle={Proceedings of the 29th international conference on Very large data bases-Volume 29},
  pages={850--861},
  year={2003},
  organization={VLDB Endowment}
}
@inproceedings{liu2006effective,
  title={Effective keyword search in relational databases},
  author={Liu, Fang and Yu, Clement and Meng, Weiyi and Chowdhury, Abdur},
  booktitle={Proceedings of the 2006 ACM SIGMOD international conference on Management of data},
  pages={563--574},
  year={2006},
  organization={ACM}
}
@incollection{zeng2013semantic,
  title={A Semantic Approach to Keyword Search over Relational Databases},
  author={Zeng, Zhong and Bao, Zhifeng and Lee, Mong Li and Ling, Tok Wang},
  booktitle={Conceptual Modeling},
  pages={241--254},
  year={2013},
  publisher={Springer}
}
@inproceedings{bergamaschi2011keyword,
  title={Keyword search over relational databases: a metadata approach},
  author={Bergamaschi, Sonia and Domnori, Elton and Guerra, Francesco and Trillo Lado, Raquel and Velegrakis, Yannis},
  booktitle={Proceedings of the 2011 ACM SIGMOD International Conference on Management of data},
  pages={565--576},
  year={2011},
  organization={ACM}
}
@note{xapian,
    title={The Xapian Project}
}
@note{lucene,
    title={Apache Lucene}
}