%% This BibTeX bibliography file was created using BibDesk.
%% http://bibdesk.sourceforge.net/


%% Created for Richard Drake at 2013-10-20 16:03:23 -0400 


%% Saved with string encoding Unicode (UTF-8) 



@techreport{sql-2011,
	Address = {Geneva, Switzerland},
	Author = {ISO},
	Date-Added = {2013-10-20 19:46:52 +0000},
	Date-Modified = {2013-10-20 20:03:23 +0000},
	Institution = {International Organization for Standardization},
	Number = {ISO/IEC 9075-2:2011},
	Title = {Information technology -- Database languages -- SQL -- Part 2: Foundation (SQL/Foundation)},
	Type = {ISO},
	Year = {2011}}

@book{codd-90,
	Address = {Boston, MA, USA},
	Author = {Codd, E. F.},
	Date-Added = {2013-10-03 20:51:21 +0000},
	Date-Modified = {2013-10-03 21:38:22 +0000},
	Publisher = {Addison-Wesley Longman Publishing Co., Inc.},
	Title = {The relational model for database management: version 2},
	Year = {1990}}

@webpage{xapian,
	Date-Added = {2013-06-24 22:00:20 +0000},
	Date-Modified = {2013-06-24 22:01:24 +0000},
	Lastchecked = {2013-06-24},
	Title = {The Xapian Project : Features},
	Url = {http://xapian.org/features},
	Bdsk-Url-1 = {http://xapian.org/features}}

@book{dbsys-06,
	Author = {Garcia-Molina, Hector and Ullman, Jeffrey D. and Widom, Jennifer},
	Date-Added = {2013-06-24 21:24:53 +0000},
	Date-Modified = {2013-06-24 21:29:28 +0000},
	Keywords = {dblp},
	Publisher = {Pearson Education},
	Title = {Database systems - the complete book (2. ed.).},
	Year = {2009}}

@url{rob-java-bench-08,
	Author = {Brent Boyer},
	Date-Added = {2012-08-13 15:47:52 +0000},
	Date-Modified = {2012-08-13 15:49:53 +0000},
	Lastchecked = {2012-08-13},
	Month = {06},
	Title = {Robust Java benchmarking, Part 1: Issues},
	Url = {http://www.ibm.com/developerworks/java/library/j-benchmark1/index.html},
	Year = {2008},
	Bdsk-Url-1 = {http://www.ibm.com/developerworks/java/library/j-benchmark1/index.html}}

@url{linux-tsc-06,
	Author = {Jonathan Corbet},
	Date-Added = {2012-08-09 20:23:43 +0000},
	Date-Modified = {2012-08-09 20:32:16 +0000},
	Lastchecked = {2012-08-09},
	Month = {11},
	Title = {Counting on the time stamp counter},
	Url = {http://lwn.net/Articles/209101/},
	Year = {2006},
	Bdsk-Url-1 = {http://lwn.net/Articles/209101/}}

@url{hotspot-timer-06,
	Author = {David Holmes},
	Date-Added = {2012-08-09 19:29:24 +0000},
	Date-Modified = {2012-08-09 19:34:25 +0000},
	Lastchecked = {2012-08-09},
	Month = {10},
	Title = {Inside the Hotspot VM: Clocks, Timers and Scheduling Events - Part I - Windows},
	Url = {https://blogs.oracle.com/dholmes/entry/inside_the_hotspot_vm_clocks},
	Year = {2006},
	Bdsk-Url-1 = {https://blogs.oracle.com/dholmes/entry/inside_the_hotspot_vm_clocks}}

@article{codd-69,
	Author = {E. F. Codd},
	Bibsource = {DBLP, http://dblp.uni-trier.de},
	Ee = {db/labs/ibm/RJ599.html},
	Journal = {IBM Research Report, San Jose, California},
	Title = {Derivability, Redundancy and Consistency of Relations Stored in Large Data Banks},
	Volume = {RJ599},
	Year = {1969}}

@book{ir-08,
	author = {Manning, Christopher D. and Raghavan, Prabhakar and Sch\"{u}tze, Hinrich},
	title = {Introduction to Information Retrieval},
	year = {2008},
	isbn = {0521865719, 9780521865715},
	publisher = {Cambridge University Press},
	address = {New York, NY, USA},
} 