%% This BibTeX bibliography file was created using BibDesk.
%% http://bibdesk.sourceforge.net/


%% Created for Richard Drake at 2012-08-13 11:53:14 -0400 


%% Saved with string encoding Unicode (UTF-8) 



@url{rob-java-bench-08,
	Author = {Brent Boyer},
	Date-Added = {2012-08-13 15:47:52 +0000},
	Date-Modified = {2012-08-13 15:49:53 +0000},
	Lastchecked = {2012-08-13},
	Month = {06},
	Title = {Robust Java benchmarking, Part 1: Issues},
	Url = {http://www.ibm.com/developerworks/java/library/j-benchmark1/index.html},
	Year = {2008}}

@url{linux-tsc-06,
	Author = {Jonathan Corbet},
	Date-Added = {2012-08-09 20:23:43 +0000},
	Date-Modified = {2012-08-09 20:32:16 +0000},
	Lastchecked = {2012-08-09},
	Month = {11},
	Title = {Counting on the time stamp counter},
	Url = {http://lwn.net/Articles/209101/},
	Year = {2006},
	Bdsk-Url-1 = {http://lwn.net/Articles/209101/}}

@url{hotspot-timer-06,
	Author = {David Holmes},
	Date-Added = {2012-08-09 19:29:24 +0000},
	Date-Modified = {2012-08-09 19:34:25 +0000},
	Lastchecked = {2012-08-09},
	Month = {10},
	Title = {Inside the Hotspot VM: Clocks, Timers and Scheduling Events - Part I - Windows},
	Url = {https://blogs.oracle.com/dholmes/entry/inside_the_hotspot_vm_clocks},
	Year = {2006},
	Bdsk-Url-1 = {https://blogs.oracle.com/dholmes/entry/inside_the_hotspot_vm_clocks}}
